%YAML 1.1
%TAG !u! tag:unity3d.com,2011:
--- !u!1 &3819727865139296845
GameObject:
  m_ObjectHideFlags: 0
  m_CorrespondingSourceObject: {fileID: 0}
  m_PrefabInstance: {fileID: 0}
  m_PrefabAsset: {fileID: 0}
  serializedVersion: 6
  m_Component:
  - component: {fileID: 3819727865139296834}
  - component: {fileID: 3819727865139296835}
  - component: {fileID: 2787331042693892055}
  - component: {fileID: -7014112429069681397}
  m_Layer: 0
  m_Name: Stairs_1x1x1
  m_TagString: Untagged
  m_Icon: {fileID: 0}
  m_NavMeshLayer: 0
  m_StaticEditorFlags: 0
  m_IsActive: 1
--- !u!4 &3819727865139296834
Transform:
  m_ObjectHideFlags: 0
  m_CorrespondingSourceObject: {fileID: 0}
  m_PrefabInstance: {fileID: 0}
  m_PrefabAsset: {fileID: 0}
  m_GameObject: {fileID: 3819727865139296845}
  m_LocalRotation: {x: 0, y: 0, z: 0, w: 1}
  m_LocalPosition: {x: 0, y: 0, z: 0}
  m_LocalScale: {x: 1, y: 1, z: 1}
  m_ConstrainProportionsScale: 0
  m_Children:
  - {fileID: 5773336225955884657}
  m_Father: {fileID: 0}
  m_RootOrder: 0
  m_LocalEulerAnglesHint: {x: 0, y: 0, z: 0}
--- !u!114 &3819727865139296835
MonoBehaviour:
  m_ObjectHideFlags: 0
  m_CorrespondingSourceObject: {fileID: 0}
  m_PrefabInstance: {fileID: 0}
  m_PrefabAsset: {fileID: 0}
  m_GameObject: {fileID: 3819727865139296845}
  m_Enabled: 1
  m_EditorHideFlags: 0
  m_Script: {fileID: 11500000, guid: 11317a06c75209e45ad2b9308ff76aa8, type: 3}
  m_Name: 
  m_EditorClassIdentifier: 
  _elements:
  - {fileID: -7014112429069681397}
  _grid:
    _canBeAtatchedToTakenCell: 0
    _requiredCells:
      cellType: -1
      cells:
      - partBegining: {x: 0, y: 0, z: 0}
        partEnd: {x: 0, y: 0, z: 0}
    _createdCells:
      cellType: 8
      cells: []
    _takenCells:
      cellType: 0
      cells: []
  _centerCellPosition: {x: 0, y: 0, z: 0}
  _pathElement: {fileID: 2787331042693892055}
--- !u!114 &2787331042693892055
MonoBehaviour:
  m_ObjectHideFlags: 0
  m_CorrespondingSourceObject: {fileID: 0}
  m_PrefabInstance: {fileID: 0}
  m_PrefabAsset: {fileID: 0}
  m_GameObject: {fileID: 3819727865139296845}
  m_Enabled: 1
  m_EditorHideFlags: 0
  m_Script: {fileID: 11500000, guid: 8058b08c1e5ab11489f4959a381d5f7d, type: 3}
  m_Name: 
  m_EditorClassIdentifier: 
  _bottomConnectionPosition: {x: 0, y: 0, z: -1}
  _topConnectionPosition: {x: 0, y: 1, z: 1}
  _removePositions:
  - {x: 1, y: 0, z: 0}
  - {x: -1, y: 0, z: 0}
  - {x: 0, y: 0, z: 1}
--- !u!114 &-7014112429069681397
MonoBehaviour:
  m_ObjectHideFlags: 0
  m_CorrespondingSourceObject: {fileID: 0}
  m_PrefabInstance: {fileID: 0}
  m_PrefabAsset: {fileID: 0}
  m_GameObject: {fileID: 3819727865139296845}
  m_Enabled: 1
  m_EditorHideFlags: 0
  m_Script: {fileID: 11500000, guid: a2883ffda7750c64190e589eaecb32a3, type: 3}
  m_Name: 
  m_EditorClassIdentifier: 
--- !u!1001 &6311156924696218010
PrefabInstance:
  m_ObjectHideFlags: 0
  serializedVersion: 2
  m_Modification:
    serializedVersion: 3
    m_TransformParent: {fileID: 3819727865139296834}
    m_Modifications:
    - target: {fileID: -8679921383154817045, guid: 9a08fdb92bd46674ebdc7730b16957e6,
        type: 3}
      propertyPath: m_RootOrder
      value: 0
      objectReference: {fileID: 0}
    - target: {fileID: -8679921383154817045, guid: 9a08fdb92bd46674ebdc7730b16957e6,
        type: 3}
      propertyPath: m_LocalScale.x
      value: 1
      objectReference: {fileID: 0}
    - target: {fileID: -8679921383154817045, guid: 9a08fdb92bd46674ebdc7730b16957e6,
        type: 3}
      propertyPath: m_LocalScale.y
      value: 0.99
      objectReference: {fileID: 0}
    - target: {fileID: -8679921383154817045, guid: 9a08fdb92bd46674ebdc7730b16957e6,
        type: 3}
      propertyPath: m_LocalScale.z
      value: 1
      objectReference: {fileID: 0}
    - target: {fileID: -8679921383154817045, guid: 9a08fdb92bd46674ebdc7730b16957e6,
        type: 3}
      propertyPath: m_LocalPosition.x
      value: 0
      objectReference: {fileID: 0}
    - target: {fileID: -8679921383154817045, guid: 9a08fdb92bd46674ebdc7730b16957e6,
        type: 3}
      propertyPath: m_LocalPosition.y
      value: 0
      objectReference: {fileID: 0}
    - target: {fileID: -8679921383154817045, guid: 9a08fdb92bd46674ebdc7730b16957e6,
        type: 3}
      propertyPath: m_LocalPosition.z
      value: 0
      objectReference: {fileID: 0}
    - target: {fileID: -8679921383154817045, guid: 9a08fdb92bd46674ebdc7730b16957e6,
        type: 3}
      propertyPath: m_LocalRotation.w
      value: 0.7071068
      objectReference: {fileID: 0}
    - target: {fileID: -8679921383154817045, guid: 9a08fdb92bd46674ebdc7730b16957e6,
        type: 3}
      propertyPath: m_LocalRotation.x
      value: -0
      objectReference: {fileID: 0}
    - target: {fileID: -8679921383154817045, guid: 9a08fdb92bd46674ebdc7730b16957e6,
        type: 3}
      propertyPath: m_LocalRotation.y
      value: 0.7071067
      objectReference: {fileID: 0}
    - target: {fileID: -8679921383154817045, guid: 9a08fdb92bd46674ebdc7730b16957e6,
        type: 3}
      propertyPath: m_LocalRotation.z
      value: 0
      objectReference: {fileID: 0}
    - target: {fileID: -8679921383154817045, guid: 9a08fdb92bd46674ebdc7730b16957e6,
        type: 3}
      propertyPath: m_LocalEulerAnglesHint.x
      value: 0
      objectReference: {fileID: 0}
    - target: {fileID: -8679921383154817045, guid: 9a08fdb92bd46674ebdc7730b16957e6,
        type: 3}
      propertyPath: m_LocalEulerAnglesHint.y
      value: 0
      objectReference: {fileID: 0}
    - target: {fileID: -8679921383154817045, guid: 9a08fdb92bd46674ebdc7730b16957e6,
        type: 3}
      propertyPath: m_LocalEulerAnglesHint.z
      value: 0
      objectReference: {fileID: 0}
    - target: {fileID: -7511558181221131132, guid: 9a08fdb92bd46674ebdc7730b16957e6,
        type: 3}
      propertyPath: m_Materials.Array.data[0]
      value: 
      objectReference: {fileID: 2100000, guid: 31321ba15b8f8eb4c954353edc038b1d, type: 2}
    - target: {fileID: 919132149155446097, guid: 9a08fdb92bd46674ebdc7730b16957e6,
        type: 3}
      propertyPath: m_Name
      value: stairs
      objectReference: {fileID: 0}
    m_RemovedComponents: []
    m_RemovedGameObjects: []
    m_AddedGameObjects: []
    m_AddedComponents: []
  m_SourcePrefab: {fileID: 100100000, guid: 9a08fdb92bd46674ebdc7730b16957e6, type: 3}
--- !u!4 &5773336225955884657 stripped
Transform:
  m_CorrespondingSourceObject: {fileID: -8679921383154817045, guid: 9a08fdb92bd46674ebdc7730b16957e6,
    type: 3}
  m_PrefabInstance: {fileID: 6311156924696218010}
  m_PrefabAsset: {fileID: 0}
